@article{Futyan:2010zz,
    author = "Futyan, David",
    editor = "Gruntorad, Jan and Lokajicek, Milos",
    title = "{Commissioning the CMS alignment and calibration framework}",
    doi = "10.1088/1742-6596/219/3/032041",
    journal = "J. Phys. Conf. Ser.",
    volume = "219",
    pages = "032041",
    year = "2010"
}
@article{Cerminara:2015hov,
    author = "Cerminara, G. and van Besien, B.",
    title = "{Automated workflows for critical time-dependent calibrations at the CMS experiment}",
    doi = "10.1088/1742-6596/664/7/072009",
    journal = "J. Phys. Conf. Ser.",
    volume = "664",
    number = "7",
    pages = "072009",
    year = "2015"
}
@techreport{Pigazzini:2853679,
      author        = "Pigazzini, Simone",
      title         = "{Automatic data processing for prompt calibration of the
                       CMS ECAL}",
      institution   = "CERN",
      reportNumber  = "CMS-CR-2023-021",
      address       = "Geneva",
      year          = "2023",
      url           = "https://cds.cern.ch/record/2853679",
}
@article{DeGruttola:2010gb,
    author = "De Gruttola, M. and Di Guida, S. and Futyan, D. and Glege, F. and Govi, G. and Innocente, V. and Paolucci, P. and Pierro, A. and Schlatter, D.",
    editor = "Gruntorad, Jan and Lokajicek, Milos",
    title = "{First experience in operating the population of the condition databases for the CMS experiment}",
    eprint = "1001.1676",
    archivePrefix = "arXiv",
    primaryClass = "physics.ins-det",
    doi = "10.1088/1742-6596/219/4/042046",
    journal = "J. Phys. Conf. Ser.",
    volume = "219",
    pages = "042046",
    year = "2010"
}
@article{CMS:2021ime,
    author = "Tumasyan, Armen and others",
    collaboration = "CMS",
    title = "{Strategies and performance of the CMS silicon tracker alignment during LHC Run~2}",
    eprint = "2111.08757",
    archivePrefix = "arXiv",
    primaryClass = "physics.ins-det",
    reportNumber = "CMS-TRK-20-001, CERN-EP-2021-203",
    doi = "10.1016/j.nima.2022.166795",
    journal = "Nucl. Instrum. Meth. A",
    volume = "1037",
    pages = "166795",
    year = "2022"
}
%
@article{CMS:2024zhe,
    author = "Hayrapetyan, Aram and others",
    collaboration = "CMS",
    title = "{Enriching the Physics Program of the CMS Experiment via Data Scouting and Data Parking}",
    eprint = "2403.16134",
    archivePrefix = "arXiv",
    primaryClass = "hep-ex",
    reportNumber = "CMS-EXO-23-007, CERN-EP-2024-068",
    month = "3",
    year = "2024"
}
%
@online{micron60tb,
  author = {Micron},
  title = "{Micron 6550 ION NVMe SSD}",
  year = {2024},
  url = {https://www.micron.com/products/storage/ssd/data-center-ssd/6550-ion},
  note = {Accessed: 2024-11-27},
}
%
@misc{cms_exotica_summary_plots,
  title        = {CMS Exotica Summary plots from 13 TeV data},
  howpublished = {\url{https://twiki.cern.ch/twiki/bin/view/CMSPublic/SummaryPlotsEXO13TeV}},
  note         = {Accessed: 2024-12-15}
}
%
@article{CMS:2016ngn,
    author = "Khachatryan, Vardan and others",
    collaboration = "CMS",
    title = "{The CMS trigger system}",
    eprint = "1609.02366",
    archivePrefix = "arXiv",
    primaryClass = "physics.ins-det",
    reportNumber = "CMS-TRG-12-001, CERN-EP-2016-160",
    doi = "10.1088/1748-0221/12/01/P01020",
    journal = "JINST",
    volume = "12",
    number = "01",
    pages = "P01020",
    year = "2017"
}
%
@techreport{CERN-LHCC-2020-004,
      collaboration = "CMS",
      title         = "{The Phase-2 Upgrade of the CMS Level-1 Trigger}",
      institution   = "CERN",
      reportNumber  = "CERN-LHCC-2020-004, CMS-TDR-021",
      address       = "Geneva",
      year          = "2020",
      url           = "https://cds.cern.ch/record/2714892",
      note          = "Final version",
}
%
@techreport{Collaboration:2759072,
      collaboration = "CMS",
      title = "{The Phase-2 Upgrade of the CMS Data Acquisition and High Level Trigger}",
      institution = "CERN",
  	  reportNumber = "CERN-LHCC-2021-007, CMS-TDR-022",
      address = "Geneva",
      year = "2021",
      url = "https://cds.cern.ch/record/2759072",
      note = "Final version",
}
%
@techreport{CMS-PAS-TRK-10-005,
      collaboration = "CMS",
      title         = "{Tracking and Primary Vertex Results in First 7 TeV
                       Collisions}",
      institution   = "CERN",
      reportNumber  = "CMS-PAS-TRK-10-005",
      address       = "Geneva",
      year          = "2010",
      url           = "https://cds.cern.ch/record/1279383",
}
%
@article{CMS:2014pgm,
    author = "Chatrchyan, Serguei and others",
    collaboration = "CMS",
    title = "{Description and performance of track and primary-vertex reconstruction with the CMS tracker}",
    eprint = "1405.6569",
    archivePrefix = "arXiv",
    primaryClass = "physics.ins-det",
    reportNumber = "CMS-TRK-11-001, CERN-PH-EP-2014-070",
    doi = "10.1088/1748-0221/9/10/P10009",
    journal = "JINST",
    volume = "9",
    number = "10",
    pages = "P10009",
    year = "2014"
}
%
@techreport{Karimaki:368412,
      collaboration = "CMS",
      title         = "{The CMS tracker system project: Technical Design Report}",
      institution   = "CERN",
      reportNumber  = "CERN-LHCC-98-006, CMS-TDR-5",
      address       = "Geneva",
      year          = "1997",
      url           = "https://cds.cern.ch/record/368412",
}
%
@article{CMS:2012sda,
    editor = "Matzner Dominguez, David Aaron and others",
    collaboration = "CMS",
    title = "{CMS Technical Design Report for the Pixel Detector Upgrade}",
    reportNumber = "CERN-LHCC-2012-016, CMS-TDR-011",
    doi = "10.2172/1151650",
    month = "9",
    year = "2012"
}
%
@techreport{Swartz:687440,
      author        = "Swartz, Morris",
      title         = "{A Detailed Simulation of the CMS Pixel Sensor}",
      institution   = "CERN",
      reportNumber  = "CMS-NOTE-2002-027",
      address       = "Geneva",
      year          = "2002",
      url           = "https://cds.cern.ch/record/687440",
}
%
@article{CMSTrackerGroup:2020edz,
    author = "Adam, W. and others",
    collaboration = "CMS Tracker Group",
    title = "{The CMS Phase-1 Pixel Detector Upgrade}",
    eprint = "2012.14304",
    archivePrefix = "arXiv",
    primaryClass = "physics.ins-det",
    doi = "10.1088/1748-0221/16/02/P02027",
    journal = "JINST",
    volume = "16",
    number = "02",
    pages = "P02027",
    year = "2021"
}
%
@article{French:2001xb,
    author = "French, M. J. and others",
    editor = "Ohsugi, T. and Unno, Y. and Sadrozinski, H. F. W. and Nakano, I.",
    title = "{Design and results from the APV25, a deep sub-micron CMOS front-end chip for the CMS tracker}",
    doi = "10.1016/S0168-9002(01)00589-7",
    journal = "Nucl. Instrum. Meth. A",
    volume = "466",
    pages = "359--365",
    year = "2001"
}
%
@online{NGT_proposal,
  author       = {CERN},
  title        = {Next {G}eneration {HEP T}riggers {P}roposal},
  year         = {2024},
  url          = {https://nextgentriggers.web.cern.ch/wp-content/uploads/2024/10/Next-Generation-HEP-Triggers-Proposal.pdf},
  urldate      = {2024-12-19}
}
%
@online{CMSSW_ref,
  title = {{CMSSW}},
  author = "{{CMS} Collaboration}", 
  howpublished = {\url{http://cms-sw.github.io}},
}
%
@article{CMS:2008xjf,
    author = "Chatrchyan, S. and others",
    collaboration = "CMS",
    title = "{The CMS Experiment at the CERN LHC}",
    doi = "10.1088/1748-0221/3/08/S08004",
    journal = "JINST",
    volume = "3",
    pages = "S08004",
    year = "2008"
}
@article{CMS:2023gfb,
    author = "Hayrapetyan, Aram and others",
    collaboration = "CMS",
    title = "{Development of the CMS detector for the CERN LHC Run 3}",
    eprint = "2309.05466",
    archivePrefix = "arXiv",
    primaryClass = "physics.ins-det",
    reportNumber = "CMS-PRF-21-001, CERN-EP-2023-136",
    doi = "10.1088/1748-0221/19/05/P05064",
    journal = "JINST",
    volume = "19",
    number = "05",
    pages = "P05064",
    year = "2024"
}
@article{CMS:2024ppo,
    author = "Hayrapetyan, Aram and others",
    collaboration = "CMS",
    title = "{Performance of the CMS electromagnetic calorimeter in pp collisions at \ensuremath{\sqrt{}}$_{s}$ = 13 TeV}",
    eprint = "2403.15518",
    archivePrefix = "arXiv",
    primaryClass = "physics.ins-det",
    reportNumber = "CMS-EGM-18-002, CERN-EP-2024-014",
    doi = "10.1088/1748-0221/19/09/P09004",
    journal = "JINST",
    volume = "19",
    number = "09",
    pages = "P09004",
    year = "2024"
}
@article{CMS:2020mce,
    author = "Sirunyan, Albert M and others",
    collaboration = "CMS",
    title = "{Measurements with silicon photomultipliers of dose-rate effects in the radiation damage of plastic scintillator tiles in the CMS hadron endcap calorimeter}",
    eprint = "2001.06553",
    archivePrefix = "arXiv",
    primaryClass = "physics.ins-det",
    reportNumber = "CMS-PRF-18-003, CERN-EP-2019-266",
    doi = "10.1088/1748-0221/15/06/P06009",
    journal = "JINST",
    volume = "15",
    number = "06",
    pages = "P06009",
    year = "2020"
}
@article{LHCb:2023hlw,
    author = "Aaij, Roel and others",
    collaboration = "LHCb",
    title = "{The LHCb Upgrade I}",
    eprint = "2305.10515",
    archivePrefix = "arXiv",
    primaryClass = "hep-ex",
    reportNumber = "LHCb-DP-2022-002",
    doi = "10.1088/1748-0221/19/05/P05065",
    journal = "JINST",
    volume = "19",
    number = "05",
    pages = "P05065",
    year = "2024"
}
@article{CMS:2000eqx,
    collaboration = "CMS",
    title = "{The CMS tracker}: {addendum to the Technical Design Report}",
    reportNumber = "CERN-LHCC-2000-016, CMS-TDR-5-add-1, CERN-LHCC-2000-016, CMS-TDR-5-add-1",
    url           = "https://cds.cern.ch/record/490194",
    year = "2000"
}
@article{Guida:2015gvw,
    author = "Guida, S. Di and Govi, G. and Ojeda, M. and Pfeiffer, A. and Sipos, R.",
    title = "{The CMS Condition Database System}",
    doi = "10.1088/1742-6596/664/4/042024",
    journal = "J. Phys. Conf. Ser.",
    volume = "664",
    number = "4",
    pages = "042024",
    year = "2015"
}
% HCAL
@article{CMS-PRF-18-001,
    author = "{{CMS Collaboration}}",
    collaboration = "CMS",
    title = "{Calibration of the CMS hadron calorimeters using proton-proton collision data at $\sqrt{s} =$ 13 TeV}",
    eprint = "1910.00079",
    archivePrefix = "arXiv",
    primaryClass = "physics.ins-det",
    reportNumber = "CMS-PRF-18-001, CERN-EP-2019-179",
    doi = "10.1088/1748-0221/15/05/P05002",
    journal = "JINST",
    volume = "15",
    number = "05",
    pages = "P05002",
    year = "2020"
}
%
@article{CMS-PRF-18-003,
    author = "{{CMS Collaboration}}",
    collaboration = "CMS",
    title = "{Measurements with silicon photomultipliers of dose-rate effects in the radiation damage of plastic scintillator tiles in the CMS hadron endcap calorimeter}",
    eprint = "2001.06553",
    archivePrefix = "arXiv",
    primaryClass = "physics.ins-det",
    reportNumber = "CMS-PRF-18-003, CERN-EP-2019-266",
    doi = "10.1088/1748-0221/15/06/P06009",
    journal = "JINST",
    volume = "15",
    number = "06",
    pages = "P06009",
    year = "2020"
}
